@online{robo_def,
    author = "Technische Universität Chemnitz",
    title = "Künstliche Intelligenz in der Schule, Kapitel 5:\\ Robotik",
    url  = "https://www.tu-chemnitz.de/informatik/KI/scripts/ws0405/KI_Schule/KI-Schule-04-lehr-3.pdf",
    addendum = "(Einsichtnahme: 14.\,01.\,2022)",
    year = "Kein Datum",
}
@article{study_socialrobots,
title = {Effects of robot-human versus robot-robot behavior and entitativity on anthropomorphism and willingness to interact},
journal = {Computers in Human Behavior},
volume = {105},
month = {04},
year = {2020},
issn = {0747-5632},
url = {https://www.sciencedirect.com/science/article/pii/S074756321930439X},
author = {Fraune{,} Marlena R. et al.}
}
@online{briggs,
    author = "Briggs{,} Gordon and Scheutz{,} Matthias",
    title = "How Robots Can Affect Human Behavior: Investigating
the Effects of Robotic Displays of Protest and Distress",
    url  = "https://hrilab.tufts.edu/publications/briggsscheutz14ijsr.pdf",
    addendum = "(Einsichtnahme: 14.\,01.\,2022)",
    year = "2014",
}
@online{BSI_gesichtserkennung,
    author = "\acs{BSI}",
    title = "Gesichtserkennung",
    url  = "https://www.bsi.bund.de/SharedDocs/Downloads/DE/BSI/Biometrie/Gesichtserkennung_pdf.pdf;jsessionid=4CD40BCD1EF3A7323DE8450F01FA10E9.internet481?__blob=publicationFile&v=1",
    addendum = "(Einsichtnahme: 14.\,01.\,2022)",
    year = "Kein Datum",
}
@online{enbwsafeplaces,
    author = "EnBW Energie Baden-Württemberg AG",
    title = "EnBW SafePlaces: Innovative Sicherheits­lösung durch den Einsatz künstlicher Intelligenz",
    url  = "https://www.enbw.com/infrastruktur/sicherheitsinfrastruktur/geschaeftskunden/produkte/safeplaces",
    addendum = "(Einsichtnahme: 14.\,01.\,2022)",
    year = "Kein Datum",
}
@online{apple_faceid,
    author = "Apple Inc.",
    title = "Informationen zur fortschrittlichen Technologie von Face ID",
    url  = "https://support.apple.com/de-de/HT208108",
    addendum = "(Einsichtnahme: 14.\,01.\,2022)",
    date = "2021-09-16",
}
@article{nature,
    author = "Van Noorden{,} Richard",
    title = "The ethical questions that haunt facial-recognition research",
    url  = "https://media.nature.com/original/magazine-assets/d41586-020-03187-3/d41586-020-03187-3.pdf",
    addendum = "(Einsichtnahme: 14.\,01.\,2022)",
    date = "2020-11-19",
    journal = {Nature},
	volume = {587},
}
@online{ntia,
    author = "National Telecommunications and Information Administration",
    title = "An Ethical Framework for Facial Recognition",
    url  = "https://www.ntia.doc.gov/files/ntia/publications/aclu_an_ethical_framework_for_face_recognition.pdf",
    addendum = "(Einsichtnahme: 14.\,01.\,2022)",
    year = "Kein Datum",
}
@online{attacks,
    author = "Engel Bromwich{,} Jonah",
    title = "Why do human-like robots keep getting attacked?",
    url  = "https://www.irishtimes.com/business/innovation/why-do-human-like-robots-keep-getting-attacked-1.3765593",
    addendum = "(Einsichtnahme: 15.\,01.\,2022)",
    date = "2019-01-24",
}
@online{gi_kompass,
    author = "\acs{GI}",
    title = "Ethischer Kompass für Informatik-Fachleute",
    url  = "https://gi.de/fileadmin/GI/Allgemein/PDF/GI_Ethischer_Kompass.pdf",
    addendum = "(Einsichtnahme: 15.\,01.\,2022)",
    year = "Kein Datum",
}